@ARTICLE{1081761, 
	author={Chakrabarti, A. and Manimaran, G.}, 
	journal={Network, IEEE}, 
	title={Internet infrastructure security: a taxonomy}, 
	year={2002}, 
	volume={16}, 
	number={6}, 
	pages={13-21}, 
	keywords={Internet;computer crime;protocols;telecommunication security;DNS hacking;Internet infrastructure security;cyber terrorism;denial-of-service attacks;dependable infrastructure;packet mistreatment;routing table poisoning;secure protocols;threat situation;Computer crime;Costs;Guidelines;IP networks;Information security;Internet;Protocols;Research initiatives;Routing;Taxonomy}, 
	doi={10.1109/MNET.2002.1081761}, 
	ISSN={0890-8044}, 
	month={Nov},}

@ARTICLE{6027863, 
	author={M. Roughan and W. Willinger and O. Maennel and D. Perouli and R. Bush}, 
	journal={IEEE Journal on Selected Areas in Communications}, 
	title={10 Lessons from 10 Years of Measuring and Modeling the Internet's Autonomous Systems}, 
	year={2011}, 
	volume={29}, 
	number={9}, 
	pages={1810-1821}, 
	keywords={Internet;routing protocols;telecommunication network topology;Internet autonomous systems;Internet exchange points;Internet inter-domain routing system;inter-domain routing protocol;inter-domain topology;organizational affiliation;Internet;Monitoring;Network topology;Routing;Routing protocols;Topology;BGP;Internet topology;inference limitations;modeling;routing measurements}, 
	doi={10.1109/JSAC.2011.111006}, 
	ISSN={0733-8716}, 
	month={October},}

@article{Labovitz:2010:IIT:1851275.1851194,
	author = {Labovitz, Craig and Iekel-Johnson, Scott and McPherson, Danny and Oberheide, Jon and Jahanian, Farnam},
	title = {Internet Inter-domain Traffic},
	journal = {SIGCOMM Comput. Commun. Rev.},
	issue_date = {October 2010},
	volume = {40},
	number = {4},
	month = aug,
	year = {2010},
	issn = {0146-4833},
	pages = {75--86},
	numpages = {12},
	url = {http://doi.acm.org/10.1145/1851275.1851194},
	doi = {10.1145/1851275.1851194},
	acmid = {1851194},
	publisher = {ACM},
	address = {New York, NY, USA},
	keywords = {architecture, inter-domain traffic, internet, peering policies},
} 


@article{Lodhi:2014:UPU:2602204.2602208,
	author = {Lodhi, Aemen and Larson, Natalie and Dhamdhere, Amogh and Dovrolis, Constantine and claffy, kc},
	title = {Using peeringDB to Understand the Peering Ecosystem},
	journal = {SIGCOMM Comput. Commun. Rev.},
	issue_date = {April 2014},
	volume = {44},
	number = {2},
	month = apr,
	year = {2014},
	issn = {0146-4833},
	pages = {20--27},
	numpages = {8},
	url = {http://doi.acm.org/10.1145/2602204.2602208},
	doi = {10.1145/2602204.2602208},
	acmid = {2602208},
	publisher = {ACM},
	address = {New York, NY, USA},
	keywords = {interdomain, internet, peering, peeringdb},
} 

@ARTICLE{1036038, 
	author={Dilley, J. and Maggs, B. and Parikh, J. and Prokop, Harald and Sitaraman, Ramesh and Weihl, B.}, 
	journal={Internet Computing, IEEE}, 
	title={Globally distributed content delivery}, 
	year={2002}, 
	volume={6}, 
	number={5}, 
	pages={50-58}, 
	keywords={Internet;file servers;information resources;system recovery;Akamai distributed content delivery system;Internet;Web sites;failure handling;on-demand bandwidth;on-demand computing capacity;server control;server monitoring;servers;service bottlenecks;shutdowns;software updating;Bandwidth;Delay;HTML;IP networks;Mirrors;Network servers;Protocols;Scalability;Web and internet services;Web server}, 
	doi={10.1109/MIC.2002.1036038}, 
	ISSN={1089-7801}, 
	month={Sep},}


@ARTICLE{1702828, 
	author={E. M. Reingold and J. S. Tilford}, 
	journal={IEEE Transactions on Software Engineering}, 
	title={Tidier Drawings of Trees}, 
	year={1981}, 
	volume={SE-7}, 
	number={2}, 
	pages={223-228}, 
	keywords={Data structures;tree structures;trees;Binary trees;Computer science;Engineering drawings;Printing;Software algorithms;Tree data structures;Data structures;tree structures;trees}, 
	doi={10.1109/TSE.1981.234519}, 
	ISSN={0098-5589}, 
	month={March},}

@ARTICLE{5410700, 
	author={N. Leavitt}, 
	journal={Computer}, 
	title={Will NoSQL Databases Live Up to Their Promise?}, 
	year={2010}, 
	volume={43}, 
	number={2}, 
	pages={12-14}, 
	keywords={SQL;relational databases;NoSQL database;nonrelational database;object oriented database;structured data storage;Data analysis;Electronic mail;Marketing and sales;Multimedia databases;Object oriented databases;Relational databases;Turning;Databases;NoSQL databases}, 
	doi={10.1109/MC.2010.58}, 
	ISSN={0018-9162}, 
	month={Feb},}

@ARTICLE{6814316, 
	author={R. Hofstede and P. Celeda and B. Trammell and I. Drago and R. Sadre and A. Sperotto and A. Pras}, 
	journal={IEEE Communications Surveys Tutorials}, 
	title={Flow Monitoring Explained: From Packet Capture to Data Analysis With NetFlow and IPFIX}, 
	year={2014}, 
	volume={16}, 
	number={4}, 
	pages={2037-2064}, 
	keywords={Internet;data analysis;protocols;telecommunication traffic;IPFIX;Internet measurements;NetFlow;data analysis;data collection;data loss;deep packet inspection approach;flow analysis;flow data artifacts;flow monitoring;high-speed networks;packet capture;packet observation;packet-based traffic analysis;protocols;sound flow measurements;traffic monitoring;Data analysis;Electronic mail;High-speed networks;Internet;Telecommunication congestion control;Telecommunication traffic;Flow export;IPFIX;Internet measurements;NetFlow;network monitoring}, 
	doi={10.1109/COMST.2014.2321898}, 
	ISSN={1553-877X}, 
	month={Fourthquarter},}

@ARTICLE{7166305, 
	author={Guimaraes, V.T. and Dal Sasso Freitas, C.M. and Sadre, R. and Tarouco, L.M. and Granville, L.Z.}, 
	journal={Communications Surveys Tutorials, IEEE}, 
	title={A Survey on Information Visualization for Network and Service Management}, 
	year={2015}, 
	volume={PP}, 
	number={99}, 
	pages={1-1}, 
	keywords={Ad hoc networks;Context;Data visualization;Monitoring;Security;Tutorials;Visualization;Information Visualization;Network Management;Service Management}, 
	doi={10.1109/COMST.2015.2450538}, 
	ISSN={1553-877X}, 
	month={},}

@ARTICLE{977771, 
	author={T. Oetiker}, 
	journal={IT Professional}, 
	title={Monitoring your IT gear: the MRTG story}, 
	year={2001}, 
	volume={3}, 
	number={6}, 
	pages={44-48}, 
	keywords={Internet;computer network management;monitoring;telecommunication network routing;telecommunication traffic;Internet gateway router;Internet link;Multi Router Traffic Grapher;average data rate;network data;Counting circuits;Gears;Internet;Monitoring;Operating systems;Packaging;Protocols;Radio access networks;Telecommunication traffic;Tree graphs}, 
	doi={10.1109/6294.977771}, 
	ISSN={1520-9202}, 
	month={Nov},}

@article{Alzoubi:2011:PAA:2019643.2019644,
	author = {Alzoubi, Hussein A. and Lee, Seungjoon and Rabinovich, Michael and Spatscheck, Oliver and Van Der Merwe, Jacobus},
	title = {A Practical Architecture for an Anycast CDN},
	journal = {ACM Trans. Web},
	issue_date = {October 2011},
	volume = {5},
	number = {4},
	month = oct,
	year = {2011},
	issn = {1559-1131},
	pages = {17:1--17:29},
	articleno = {17},
	numpages = {29},
	url = {http://doi.acm.org/10.1145/2019643.2019644},
	doi = {10.1145/2019643.2019644},
	acmid = {2019644},
	publisher = {ACM},
	address = {New York, NY, USA},
	keywords = {Anycast, autonomous system, content delivery networks, load balancing, routing},
} 

@article{aminvisualization,
	title={Visualization and Monitoring for the Identification and Analysis of DNS Issues},
	author={Amin, Christopher and Candela, Massimo and Karrenberg, Daniel and Kisteleki, Robert and Strikos,
	Andreas},
	journal={The Tenth International Conference on Internet Monitoring and Protection},
	year={2015}
}

@article{boothe2005dns,
	title={DNS Anycast Stability},
	author={Boothe, Peter and Bush, Randy},
	journal={19th APNIC,’05},
	year={2005}
}

@article{Chang:2008:BDS:1365815.1365816,
	author = {Chang, Fay and Dean, Jeffrey and Ghemawat, Sanjay and Hsieh, Wilson C. and Wallach, Deborah A. and Burrows, Mike and Chandra, Tushar and Fikes, Andrew and Gruber, Robert E.},
	title = {Bigtable: A Distributed Storage System for Structured Data},
	journal = {ACM Trans. Comput. Syst.},
	issue_date = {June 2008},
	volume = {26},
	number = {2},
	month = jun,
	year = {2008},
	issn = {0734-2071},
	pages = {4:1--4:26},
	articleno = {4},
	numpages = {26},
	url = {http://doi.acm.org/10.1145/1365815.1365816},
	doi = {10.1145/1365815.1365816},
	acmid = {1365816},
	publisher = {ACM},
	address = {New York, NY, USA},
	keywords = {Large-Scale Distributed Storage},
} 

@article{cicalese2015characterizing,
	title={Characterizing IPv4 Anycast Adoption and Deployment},
	author={Cicalese, Danilo and Aug{\'e}, Jordan and Joumblatt, Diana and Friedman, Timur and Rossi, Dario},
	year={2015}
}

@article{cicalese2015first,
	title={A First Look at Anycast CDN Traffic},
	author={Cicalese, Danilo and Giordano, Danilo and Finamore, Alessandro and Mellia, Marco and Munaf{\`o}, Maurizio and Rossi, Dario and Joumblatt, Diana},
	journal={arXiv preprint arXiv:1505.00946},
	year={2015}
}

@article{Codd:1970:RMD:362384.362685,
	author = {Codd, E. F.},
	title = {A Relational Model of Data for Large Shared Data Banks},
	journal = {Commun. ACM},
	issue_date = {June 1970},
	volume = {13},
	number = {6},
	month = jun,
	year = {1970},
	issn = {0001-0782},
	pages = {377--387},
	numpages = {11},
	url = {http://doi.acm.org/10.1145/362384.362685},
	doi = {10.1145/362384.362685},
	acmid = {362685},
	publisher = {ACM},
	address = {New York, NY, USA},
	keywords = {composition, consistency, data bank, data base, data integrity, data organization, data structure, derivability, hierarchies of data, join, networks of data, predicate calculus, redundancy, relations, retrieval language, security},
} 

@article{computing2003architectural,
	title={An architectural blueprint for autonomic computing},
	author={Computing, Autonomic},
	journal={IBM Publication},
	year={2003}
}

@article{colitti2006evaluating,
	title={Evaluating the effects of anycast on DNS root name servers},
	author={Colitti, Lorenzo and Romijn, Erik and Uijterwaal, Henk and Robachevsky, Andrei},
	journal={RIPE document RIPE-393},
	volume={6},
	year={2006}
}

@article{Dean:2008:MSD:1327452.1327492,
	author = {Dean, Jeffrey and Ghemawat, Sanjay},
	title = {MapReduce: Simplified Data Processing on Large Clusters},
	journal = {Commun. ACM},
	issue_date = {January 2008},
	volume = {51},
	number = {1},
	month = jan,
	year = {2008},
	issn = {0001-0782},
	pages = {107--113},
	numpages = {7},
	url = {http://doi.acm.org/10.1145/1327452.1327492},
	doi = {10.1145/1327452.1327492},
	acmid = {1327492},
	publisher = {ACM},
	address = {New York, NY, USA},
} 


@article{glatz2014visualizing,
	title={Visualizing big network traffic data using frequent pattern mining and hypergraphs},
	author={Glatz, Eduard and Mavromatidis, Stelios and Ager, Bernhard and Dimitropoulos, Xenofontas},
	journal={Computing},
	volume={96},
	number={1},
	pages={27--38},
	year={2014},
	publisher={Springer}
}

@article{Haerder:1983:PTD:289.291,
	author = {Haerder, Theo and Reuter, Andreas},
	title = {Principles of Transaction-oriented Database Recovery},
	journal = {ACM Comput. Surv.},
	issue_date = {December 1983},
	volume = {15},
	number = {4},
	month = dec,
	year = {1983},
	issn = {0360-0300},
	pages = {287--317},
	numpages = {31},
	url = {http://doi.acm.org/10.1145/289.291},
	doi = {10.1145/289.291},
	acmid = {291},
	publisher = {ACM},
	address = {New York, NY, USA},
} 


@article{hashem2015rise,
	title={The rise of “big data” on cloud computing: Review and open research issues},
	author={Hashem, Ibrahim Abaker Targio and Yaqoob, Ibrar and Anuar, Nor Badrul and Mokhtar, Salimah and Gani, Abdullah and Khan, Samee Ullah},
	journal={Information Systems},
	volume={47},
	pages={98--115},
	year={2015},
	publisher={Elsevier}
}
@article{karrenberg2005anycast,
	title={Anycast and BGP Stability:A Closer Look at DNSMON Data},
	author={Karrenberg, Daniel},
	journal={Proceedings of NANOG37},
	volume={11},
	year={2005}
}

@article{khazaei2015choose,
	title={How do I choose the right NoSQL solution? A comprehensive theoretical and experimental survey},
	author={Khazaei, Hamzeh and Fokaefs, Marios and Zareian, Saeed and Beigi-Mohammadi, Nasim and Ramprasad, Brian and Shtern, Mark and Gaikwad, Purwa and Litoiu, Marin},
	journal={Submitted to Journal of Big Data and Information Analytics (BDIA)},
	year={2015}
}

@article{Lakshman:2010:CDS:1773912.1773922,
	author = {Lakshman, Avinash and Malik, Prashant},
	title = {Cassandra: A Decentralized Structured Storage System},
	journal = {SIGOPS Oper. Syst. Rev.},
	issue_date = {April 2010},
	volume = {44},
	number = {2},
	month = apr,
	year = {2010},
	issn = {0163-5980},
	pages = {35--40},
	numpages = {6},
	url = {http://doi.acm.org/10.1145/1773912.1773922},
	doi = {10.1145/1773912.1773922},
	acmid = {1773922},
	publisher = {ACM},
	address = {New York, NY, USA},
} 


@article{laney20013d,
	title={3D data management: Controlling data volume, velocity and variety},
	author={Laney, Doug},
	journal={META Group Research Note},
	volume={6},
	pages={70},
	year={2001}
}

@article{Lee:2012:TSI:2427036.2427038,
	author = {Lee, Yeonhee and Lee, Youngseok},
	title = {Toward Scalable Internet Traffic Measurement and Analysis with Hadoop},
	journal = {SIGCOMM Comput. Commun. Rev.},
	issue_date = {January 2013},
	volume = {43},
	number = {1},
	month = jan,
	year = {2012},
	issn = {0146-4833},
	pages = {5--13},
	numpages = {9},
	url = {http://doi.acm.org/10.1145/2427036.2427038},
	doi = {10.1145/2427036.2427038},
	acmid = {2427038},
	publisher = {ACM},
	address = {New York, NY, USA},
	keywords = {analysis, hadoop, hive, mapreduce, netflow, packet, pcap, traffic measurement},
} 


@article{lee2014network,
	title={Network monitoring: Present and future},
	author={Lee, Sihyung and Levanti, Kyriaki and Kim, Hyong S},
	journal={Computer Networks},
	volume={65},
	pages={84--98},
	year={2014},
	publisher={Elsevier}
}

@article{levine2006operational,
	title={Operational experience with TCP and Anycast},
	author={Levine, Matt and Lyon, Barrett and Underwood, Todd},
	journal={Presentation and Q\&A given at NANOG},
	volume={37},
	year={2006}
}

@article{lotfi2014ipv6,
	title={IPv6 and Path MTU problems in
	AnyCast networks},
	author={Lotfi, Hossein},
	journal={Proceedings of NANOG60},
	volume={11},
	year={2014}
}

@article{madory2013anycasters,
	title={Who Are the Anycasters?},
	author={Madory, Doug and Cook, Chris and Miao, Kevin},
	journal={Proceedings of NANOG59},
	volume={10},
	year={2013}
}


@article{Pritchett:2008:BAA:1394127.1394128,
	author = {Pritchett, Dan},
	title = {BASE: An Acid Alternative},
	journal = {Queue},
	issue_date = {May/June 2008},
	volume = {6},
	number = {3},
	month = may,
	year = {2008},
	issn = {1542-7730},
	pages = {48--55},
	numpages = {8},
	url = {http://doi.acm.org/10.1145/1394127.1394128},
	doi = {10.1145/1394127.1394128},
	acmid = {1394128},
	publisher = {ACM},
	address = {New York, NY, USA},
}
@article{paakkonen2015reference,
	title={Reference Architecture and Classification of Technologies, Products and Services for Big Data Systems},
	author={P{\"a}{\"a}kk{\"o}nen, Pekka and Pakkala, Daniel},
	journal={Big Data Research},
	volume={2},
	number={4},
	pages={166--186},
	year={2015},
	publisher={Elsevier}
}
@article{Simoncelli:2013:SBC:2479957.2479962,
	author = {Simoncelli, Davide and Dusi, Maurizio and Gringoli, Francesco and Niccolini, Saverio},
	title = {Stream-monitoring with Blockmon: Convergence of Network Measurements and Data Analytics Platforms},
	journal = {SIGCOMM Comput. Commun. Rev.},
	issue_date = {April 2013},
	volume = {43},
	number = {2},
	month = apr,
	year = {2013},
	issn = {0146-4833},
	pages = {29--36},
	numpages = {8},
	url = {http://doi.acm.org/10.1145/2479957.2479962},
	doi = {10.1145/2479957.2479962},
	acmid = {2479962},
	publisher = {ACM},
	address = {New York, NY, USA},
	keywords = {data analysis, distributed computing, performance analysis},
} 

@article{yumeasuring,
	title={Measuring the Placement of DNS Servers in Top-Level-Domain},
	author={Yu, Yingdi and Cai, Jiwen and Osterweil, Eric and Zhang, Lixia}
}

@article{zuech2015intrusion,
	title={Intrusion detection and big heterogeneous data: A survey},
	author={Zuech, Richard and Khoshgoftaar, Taghi M and Wald, Randall},
	journal={Journal of Big Data},
	volume={2},
	number={1},
	pages={1--41},
	year={2015},
	publisher={Springer}
}


@book{mockapetris1988development,
	title={Development of the domain name system},
	author={Mockapetris, Paul and Dunlap, Kevin J},
	volume={18},
	number={4},
	year={1988},
	publisher={ACM}
}

@incollection{casalicchio2012measuring,
	title={Measuring name system health},
	author={Casalicchio, Emiliano and Caselli, Marco and Coletta, Alessio and Di Blasi, Salvatore and Fovino, Igor Nai},
	booktitle={Critical Infrastructure Protection VI},
	pages={155--169},
	year={2012},
	publisher={Springer}
}

@incollection{hiebert2006determining,
	title={Determining the cause and frequency of routing instability with anycast},
	author={Hiebert, James and Boothe, Peter and Bush, Randy and Lynch, Lucy},
	booktitle={Technologies for Advanced Heterogeneous Networks II},
	pages={172--185},
	year={2006},
	publisher={Springer}
}

@incollection{liu2007two,
	title={Two days in the life of the DNS anycast root servers},
	author={Liu, Ziqian and Huffaker, Bradley and Fomenkov, Marina and Brownlee, Nevil and others},
	booktitle={Passive and Active Network Measurement},
	pages={125--134},
	year={2007},
	publisher={Springer}
}

@INPROCEEDINGS{1208929, 
	author={T. C. Bressoud and R. Rastogi and M. A. Smith}, 
	booktitle={INFOCOM 2003. Twenty-Second Annual Joint Conference of the IEEE Computer and Communications. IEEE Societies}, 
	title={Optimal configuration for BGP route selection}, 
	year={2003}, 
	volume={2}, 
	pages={916-926 vol.2}, 
	keywords={Internet;protocols;telecommunication links;telecommunication network routing;telecommunication traffic;Border Gateway Protocol route selection;Internet service provider;anecdotal evidence;autonomous systems peers;border router advertisements;bottleneck links;egress bandwidth constraints;generalized assignment problem;heuristic solutions;interdomain routing;network prefixes;network utilization;optimal configuration;routers optimal set;simulation;transit traffic flows;Access protocols;Bandwidth;Communication system traffic control;Constraint optimization;Cost function;Helium;Load management;Routing protocols;Telecommunication traffic;Web and internet services}, 
	doi={10.1109/INFCOM.2003.1208929}, 
	ISSN={0743-166X}, 
	month={March},}

@inproceedings {23834,
	title = {Characterizing IPv6 control and data plane stability},
	journal = {IEEE International Conference on Computer Communications (INFOCOM)},
	year = {2016},
	author = {Livadariu, Ioana and Elmokashfi, Ahmed and Dhamdhere, Amogh}
}

@INPROCEEDINGS{7119767, 
	author={F. Golkar and T. Dreibholz and A. Kvalbein}, 
	booktitle={Network of the Future (NOF), 2014 International Conference and Workshop on the}, 
	title={Measuring and comparing Internet path stability in IPv4 and IPv6}, 
	year={2014}, 
	pages={1-5}, 
	keywords={IP networks;Internet;digital subscriber lines;IPv4 path stability;IPv6 path stability;ISP connection types;Internet path stability comparison;Internet path stability measurement;NORNET CORE testbed infrastructure;connection stability;consumer-grade ADSL connections;geographical area;high-speed research networks;load balancing;multihomed systems;IP networks;Internet;Load management;Monitoring;Protocols;Stability analysis;Topology;IPv4;IPv6;Internet;NorNet Core;Path Stability;Resilience;Robustness}, 
	doi={10.1109/NOF.2014.7119767}, 
	month={Dec},}

@INPROCEEDINGS{7145323, 
	author={V. Bajpai and J. Schönwälder}, 
	booktitle={IFIP Networking Conference (IFIP Networking), 2015}, 
	title={IPv4 versus IPv6 - who connects faster?}, 
	year={2015}, 
	pages={1-9}, 
	keywords={IP networks;Web sites;computer network performance evaluation;transport protocols;CDN caches;CDN clusters;CDN deployments;IPv4 connectivity;IPv6 connectivity;SamKnows probes;TCP connect times distributions;TCP connection establishment time;autonomous systems;content delivery network;dual-stacked Websites;dual-stacked hosts;dual-stacked networks;network policies;service provider networks;transmission control protocol;Current measurement;Google;Internet;Probes;Protocols;Time measurement}, 
	doi={10.1109/IFIPNetworking.2015.7145323}, 
	month={May},}

@ARTICLE{7182788, 
	author={M. Nikkhah and R. Guérin}, 
	journal={IEEE/ACM Transactions on Networking}, 
	title={Migrating the Internet to IPv6: An Exploration of the When and Why}, 
	year={2016}, 
	volume={PP}, 
	number={99}, 
	pages={1-1}, 
	keywords={Ecosystems;Google;IEEE transactions;Internet;Market research;Stakeholders;Web sites;Analytical models;IP networks;IPv6;measurement}, 
	doi={10.1109/TNET.2015.2453338}, 
	ISSN={1063-6692}, 
	month={},}


@INPROCEEDINGS{5447738, 
	author={A. Thusoo and J. S. Sarma and N. Jain and Z. Shao and P. Chakka and N. Zhang and S. Antony and H. Liu and R. Murthy}, 
	booktitle={Data Engineering (ICDE), 2010 IEEE 26th International Conference on}, 
	title={Hive - a petabyte scale data warehouse using Hadoop}, 
	year={2010}, 
	pages={996-1005}, 
	keywords={SQL;competitive intelligence;data warehouses;public domain software;query processing;Hadoop software;HiveQL language;Metastore system catalog;SQL-like declarative language;arrays;business intelligence;data exploration;map-reduce jobs;maps;nested compositions;open-source map-reduce implementation;petabyte scale data warehouse;primitive types;query compilation;query optimization;Companies;Data warehouses;Facebook;Hardware;Libraries;Open source software;Plugs;Query processing;Statistics;Warehousing}, 
	doi={10.1109/ICDE.2010.5447738}, 
	month={March},}

@INPROCEEDINGS{5486551, 
	author={Youngseok Lee and Wonchul Kang and Hyeongu Son}, 
	booktitle={Network Operations and Management Symposium Workshops (NOMS Wksps), 2010 IEEE/IFIP}, 
	title={An Internet traffic analysis method with MapReduce}, 
	year={2010}, 
	pages={357-361}, 
	keywords={Internet;network servers;parallel processing;public domain software;statistical analysis;telecommunication traffic;Hadoop;Internet flow analysis method;Internet traffic measurement;MapReduce software framework;cloud computing platform;cluster filesystem;coarse traffic statistics;distributed parallel processing schemes;flow aggregation;flow statistics;flow traces;high performance server;open-source MapReduce system;packet sampling;packet traces;traffic data monitoring;Cloud computing;Fluid flow measurement;Internet;Large-scale systems;Monitoring;Network servers;Open source software;Performance analysis;Statistical distributions;Telecommunication traffic;Hadoop;MapReduce;NetFlow;cloud computing;traffic monitoring}, 
	doi={10.1109/NOMSW.2010.5486551}, 
	month={April},}

@INPROCEEDINGS{5488355, 
	author={Bu-Sung Lee and Yu Shyang Tan and Sekiya, Y. and Narishige, A. and Date, S.}, 
	booktitle={Network Operations and Management Symposium (NOMS), 2010 IEEE}, 
	title={Availability and effectiveness of root DNS servers: A long term study}, 
	year={2010}, 
	pages={862-865}, 
	keywords={Internet;network servers;DNS hierarchy;Internet;anycast root DNS server;domain name system;loss rate;query response time;top level domain server;unicast server performance;Asia;Delay;Europe;Internet;Network servers;Probes;Query processing;Time measurement;Unicast;Web server;Gulliver project;anycast root DNS server;performance;resilience of root DNS}, 
	doi={10.1109/NOMS.2010.5488355}, 
	ISSN={1542-1201}, 
	month={April},}


@INPROCEEDINGS{5496972, 
	author={K. Shvachko and H. Kuang and S. Radia and R. Chansler}, 
	booktitle={Mass Storage Systems and Technologies (MSST), 2010 IEEE 26th Symposium on}, 
	title={The Hadoop Distributed File System}, 
	year={2010}, 
	pages={1-10}, 
	keywords={Internet;distributed databases;network operating systems;Hadoop distributed file system;Yahoo!;data storage;data stream;enterprise data;Bandwidth;Clustering algorithms;Computer architecture;Concurrent computing;Distributed computing;Facebook;File servers;File systems;Protection;Protocols;HDFS;Hadoop;distributed file system}, 
	doi={10.1109/MSST.2010.5496972}, 
	month={May},}

@INPROCEEDINGS{631176, 
	author={Bhattacharjee, S. and Ammar, M.H. and Zegura, E.W. and Shah, V. and Zongming Fei}, 
	booktitle={INFOCOM '97. Sixteenth Annual Joint Conference of the IEEE Computer and Communications Societies. Driving the Information Revolution., Proceedings IEEE}, 
	title={Application-layer anycasting}, 
	year={1997}, 
	volume={3}, 
	pages={1388-1396 vol.3}, 
	keywords={Internet;network servers;transport protocols;IP addresses;Internet;anycast domain names;anycast resolvers;anycasting communication paradigm;application-layer anycasting;content-equivalent servers;metric-based filters;network-layer support;performance;policy criteria;policy-based filters;server replication;server response time;Computer networks;Delay;Educational institutions;Information filtering;Information filters;Network servers;Scalability;Telecommunication computing;Web and internet services;Web server}, 
	doi={10.1109/INFCOM.1997.631176}, 
	ISSN={0743-166X}, 
	month={Apr}
}

@INPROCEEDINGS{6314173, 
	author={Deri, L. and Trombacchi, L.L. and Martinelli, M. and Vannozzi, D.}, 
	booktitle={Wireless Communications and Mobile Computing Conference (IWCMC), 2012 8th International}, 
	title={A distributed DNS traffic monitoring system}, 
	year={2012}, 
	pages={30-35}, 
	keywords={Internet;computer network security;distributed databases;statistical analysis;telecommunication traffic;Internet service;anomaly identification;authoritative name server;ccTLD;complex distributed database;country code top level domain;distributed DNS traffic monitoring system;domain name system;statistics;suspicious activity tracking;Databases;Internet;Market research;Monitoring;Probes;Servers;Time series analysis;Domain name system;traffic measurement}, 
	doi={10.1109/IWCMC.2012.6314173}, 
	month={Aug},}

@INPROCEEDINGS{6566965, 
	author={Xun Fan and Heidemann, J. and Govindan, R.}, 
	booktitle={INFOCOM, 2013 Proceedings IEEE}, 
	title={Evaluating anycast in the domain name system}, 
	year={2013}, 
	pages={1681-1689}, 
	keywords={IP networks;Internet;CHAOS-class DNS records;DNS proxies;IP anycast;Internet-class DNS records;TLD;abnormal service configurations;anycast evaluation;anycast services;benign masquerading;domain name system;hostile hijacking;production DNS;recursive DNS infrastructure;root DNS anycast node;third-party discovery;top-level domains;Chaos;Extraterrestrial measurements;IP networks;Peer-to-peer computing;Routing;Servers;Standards}, 
	doi={10.1109/INFCOM.2013.6566965}, 
	ISSN={0743-166X}, 
	month={April},}

@INPROCEEDINGS{6753806, 
	author={A. TaheriMonfared and T. W. Wlodarczyk and Chunming Rong}, 
	booktitle={Cloud Computing Technology and Science (CloudCom), 2013 IEEE 5th International Conference on}, 
	title={Real-Time Handling of Network Monitoring Data Using a Data-Intensive Framework}, 
	year={2013}, 
	volume={1}, 
	pages={258-265}, 
	keywords={ad hoc networks;data handling;monitoring;data-intensive framework;long-term planned queries;monitoring mechanism;monitoring protocol;monitoring solutions;multitenant computing models;network flow information records;network monitoring data;real-time data handling;real-time processing;scalable storage;short-term ad hoc queries;Distributed databases;IP networks;Monitoring;Ports (Computers);Protocols;Real-time systems;Servers;Data-Intensive;HBase;Hadoop;Monitoring;Network}, 
	doi={10.1109/CloudCom.2013.41}, 
	month={Dec},}

@INPROCEEDINGS{6906761, 
	author={S. Marchal and X. Jiang and R. State and T. Engel}, 
	booktitle={Big Data (BigData Congress), 2014 IEEE International Congress on}, 
	title={A Big Data Architecture for Large Scale Security Monitoring}, 
	year={2014}, 
	pages={56-63}, 
	keywords={Big Data;computer network security;data mining;digital forensics;storage management;telecommunication traffic;transport protocols;Big Data architecture;DNS data;HTTP traffic;Hadoop;NetFlow records;Spark;data correlation schemes;data exploitation;distributed system;forensic analysis;honeypot data;large scale security monitoring;local enterprise networks;network intrusion detection;network intrusion prevention;network traffic;scalable distributed data management;scalable distributed data storage;Big data;Correlation;Distributed databases;IP networks;Monitoring;Security}, 
	doi={10.1109/BigData.Congress.2014.18}, 
	month={June},}

@INPROCEEDINGS{798396, 
	author={A. Fox and E. A. Brewer}, 
	booktitle={Hot Topics in Operating Systems, 1999. Proceedings of the Seventh Workshop on}, 
	title={Harvest, yield, and scalable tolerant systems}, 
	year={1999}, 
	pages={174-178}, 
	keywords={Internet;fault tolerant computing;parallel programming;Internet applications;engineering mechanisms;fault isolation;graceful degradation;high availability;output behavior;research program;robustness requirements;scalable tolerant systems;state management;Application software;Availability;Costs;Degradation;Internet;Read only memory;Routing;Search engines;Transaction databases;Web server}, 
	doi={10.1109/HOTOS.1999.798396}, 
	month={},}

@INPROCEEDINGS{832449, 
	author={Katabi, D.}, 
	booktitle={Global Telecommunications Conference, 1999. GLOBECOM '99}, 
	title={The use of IP-anycast for building efficient multicast trees}, 
	year={1999}, 
	volume={3}, 
	pages={1679-1688 vol.3}, 
	keywords={Internet;multicast communication;protocols;telecommunication network routing;telecommunication traffic;trees (mathematics);ACBT protocol;IP-anycast;anycast-based tree;bandwidth consumption reduction;core based tree multicast routing protocol;intra-domain protocol;multicast performance;network region;non-core tree;reliability;shared multicast trees;traffic concentration reduction;Bandwidth;Computer network reliability;Computer science;Laboratories;Multicast protocols;Robustness;Routing protocols;Surface-mount technology;Telecommunication traffic;Traffic control}, 
	doi={10.1109/GLOCOM.1999.832449}, 
	month={},}

@INPROCEEDINGS{941879, 
	author={Agarwal, G. and Shah, R. and Walrand, J.}, 
	booktitle={Internet Applications, 2001. WIAPP 2001. Proceedings. The Second IEEE Workshop on}, 
	title={Content distribution architecture using network layer anycast}, 
	year={2001}, 
	pages={124-132}, 
	keywords={Internet;client-server systems;file servers;multicast communication;replicated databases;CDAA;Domain Name System;Internet;anycast address assignment;client direction;client software modifications;computing requirements;content distribution architecture;content-equivalent servers;minimal bandwidth overhead;network applications;network-layer anycast;optimum server;protocols;replicated servers;response time;routers;scalable incrementally deployable transparent architecture;server load tracking;server replication;simulation;user satisfaction;Application software;Bandwidth;Computer architecture;Delay;Distributed computing;Network servers;Routing protocols;Statistics;Time measurement;Web server}, 
	doi={10.1109/WIAPP.2001.941879}, 
	month={},}

@inproceedings{Alzoubi:2008:ACR:1367497.1367536,
	author = {Alzoubi, Hussein A. and Lee, Seungjoon and Rabinovich, Michael and Spatscheck, Oliver and Van der Merwe, Jacobus},
	title = {Anycast CDNS Revisited},
	booktitle = {Proceedings of the 17th International Conference on World Wide Web},
	series = {WWW '08},
	year = {2008},
	isbn = {978-1-60558-085-2},
	location = {Beijing, China},
	pages = {277--286},
	numpages = {10},
	url = {http://doi.acm.org/10.1145/1367497.1367536},
	doi = {10.1145/1367497.1367536},
	acmid = {1367536},
	publisher = {ACM},
	address = {New York, NY, USA},
	keywords = {CDN, anycast, autonomous system, load balancing, routing},
} 

@inproceedings{Ballani:2006:MDP:1177080.1177109,
	author = {Ballani, Hitesh and Francis, Paul and Ratnasamy, Sylvia},
	title = {A Measurement-based Deployment Proposal for IP Anycast},
	booktitle = {Proceedings of the 6th ACM SIGCOMM Conference on Internet Measurement},
	series = {IMC '06},
	year = {2006},
	isbn = {1-59593-561-4},
	location = {Rio de Janeriro, Brazil},
	pages = {231--244},
	numpages = {14},
	url = {http://doi.acm.org/10.1145/1177080.1177109},
	doi = {10.1145/1177080.1177109},
	acmid = {1177109},
	publisher = {ACM},
	address = {New York, NY, USA},
	keywords = {BGP, IP anycast, affinity, failover, load distribution, proximity},
} 

@inproceedings{ballani2005towards,
	title={Towards a global IP anycast service},
	author={Ballani, Hitesh and Francis, Paul},
	booktitle={ACM SIGCOMM Computer Communication Review},
	volume={35},
	number={4},
	pages={301--312},
	year={2005},
	organization={ACM}
}

@inproceedings{barber2004life,
	title={Life and times of J-ROOT},
	author={Barber, Piet and Larson, Matt and Kosters, Mark and Toscano, Pete},
	booktitle={Proceedings of NANOG},
	volume={32},
	year={2004}
}

@inproceedings{basturk1997using,
	title={Using network layer anycast for load distribution in the Internet},
	author={Basturk, Erol and Engel, Robert and Haas, Robert and Peris, Vinod and Saha, Debanjan},
	booktitle={Tech. Rep., IBM TJ Watson Research Center},
	year={1997},
	organization={Citeseer}
}

@inproceedings{Calder:2013:MEG:2504730.2504754,
	author = {Calder, Matt and Fan, Xun and Hu, Zi and Katz-Bassett, Ethan and Heidemann, John and Govindan, Ramesh},
	title = {Mapping the Expansion of Google's Serving Infrastructure},
	booktitle = {Proceedings of the 2013 Conference on Internet Measurement Conference},
	series = {IMC '13},
	year = {2013},
	isbn = {978-1-4503-1953-9},
	location = {Barcelona, Spain},
	pages = {313--326},
	numpages = {14},
	url = {http://doi.acm.org/10.1145/2504730.2504754},
	doi = {10.1145/2504730.2504754},
	acmid = {2504754},
	publisher = {ACM},
	address = {New York, NY, USA},
	keywords = {CDN, DNS, geolocation, measurement},
} 

@inproceedings{Calder:2015:APA:2815675.2815717,
	author = {Calder, Matt and Flavel, Ashley and Katz-Bassett, Ethan and Mahajan, Ratul and Padhye, Jitendra},
	title = {Analyzing the Performance of an Anycast CDN},
	booktitle = {Proceedings of the 2015 ACM Conference on Internet Measurement Conference},
	series = {IMC '15},
	year = {2015},
	isbn = {978-1-4503-3848-6},
	location = {Tokyo, Japan},
	pages = {531--537},
	numpages = {7},
	url = {http://doi.acm.org/10.1145/2815675.2815717},
	doi = {10.1145/2815675.2815717},
	acmid = {2815717},
	publisher = {ACM},
	address = {New York, NY, USA},
	keywords = {anycast, cdn, measurement},
} 


@inproceedings{Chaudet:2005:OPA:1095921.1095932,
	author = {Chaudet, Claude and Fleury, Eric and Lassous, Isabelle Gu{\'e}rin and Rivano, Herv{\'e} and Voge, Marie-Emilie},
	title = {Optimal Positioning of Active and Passive Monitoring Devices},
	booktitle = {Proceedings of the 2005 ACM Conference on Emerging Network Experiment and Technology},
	series = {CoNEXT '05},
	year = {2005},
	isbn = {1-59593-197-X},
	location = {Toulouse, France},
	pages = {71--82},
	numpages = {12},
	url = {http://doi.acm.org/10.1145/1095921.1095932},
	doi = {10.1145/1095921.1095932},
	acmid = {1095932},
	publisher = {ACM},
	address = {New York, NY, USA},
	keywords = {active monitoring, optimization, passive monitoring},
} 

@inproceedings{Chiu:2015:WOH:2815675.2815719,
	author = {Chiu, Yi-Ching and Schlinker, Brandon and Radhakrishnan, Abhishek Balaji and Katz-Bassett, Ethan and Govindan, Ramesh},
	title = {Are We One Hop Away from a Better Internet?},
	booktitle = {Proceedings of the 2015 ACM Conference on Internet Measurement Conference},
	series = {IMC '15},
	year = {2015},
	isbn = {978-1-4503-3848-6},
	location = {Tokyo, Japan},
	pages = {523--529},
	numpages = {7},
	url = {http://doi.acm.org/10.1145/2815675.2815719},
	doi = {10.1145/2815675.2815719},
	acmid = {2815719},
	publisher = {ACM},
	address = {New York, NY, USA},
	keywords = {internet topology, measurements},
} 
@inproceedings{cicalese2015fistful,
	title={A fistful of pings: Accurate and lightweight anycast enumeration and geolocation},
	author={Cicalese, Danilo and Joumblatt, Diana and Rossi, Dario and Buob, Marc-Olivier and Aug{\'e}, Jordan and Friedman, Timur},
	booktitle={Computer Communications (INFOCOM), 2015 IEEE Conference on},
	pages={2776--2784},
	year={2015},
	organization={IEEE}
}


@inproceedings{Czyz:2014:MIA:2619239.2626295,
	author = {Czyz, Jakub and Allman, Mark and Zhang, Jing and Iekel-Johnson, Scott and Osterweil, Eric and Bailey, Michael},
	title = {Measuring IPv6 Adoption},
	booktitle = {Proceedings of the 2014 ACM Conference on SIGCOMM},
	series = {SIGCOMM '14},
	year = {2014},
	isbn = {978-1-4503-2836-4},
	location = {Chicago, Illinois, USA},
	pages = {87--98},
	numpages = {12},
	url = {http://doi.acm.org/10.1145/2619239.2626295},
	doi = {10.1145/2619239.2626295},
	acmid = {2626295},
	publisher = {ACM},
	address = {New York, NY, USA},
	keywords = {IP, IPv4, IPv6, dns, internet, measurement},
} 


@inproceedings{Deri:2012:TPD:2245276.2245396,
	author = {Deri, Luca and Trombacchi, Lorenzo Luconi and Martinelli, Maurizio and Vannozzi, Daniele},
	title = {Towards a Passive DNS Monitoring System},
	booktitle = {Proceedings of the 27th Annual ACM Symposium on Applied Computing},
	series = {SAC '12},
	year = {2012},
	isbn = {978-1-4503-0857-1},
	location = {Trento, Italy},
	pages = {629--630},
	numpages = {2},
	url = {http://doi.acm.org/10.1145/2245276.2245396},
	doi = {10.1145/2245276.2245396},
	acmid = {2245396},
	publisher = {ACM},
	address = {New York, NY, USA},
	keywords = {domain name system, traffic measurement},
} 

@inproceedings{Dhamdhere:2012:MDI:2398776.2398832,
	author = {Dhamdhere, Amogh and Luckie, Matthew and Huffaker, Bradley and claffy, kc and Elmokashfi, Ahmed and Aben, Emile},
	title = {Measuring the Deployment of IPv6: Topology, Routing and Performance},
	booktitle = {Proceedings of the 2012 ACM Conference on Internet Measurement Conference},
	series = {IMC '12},
	year = {2012},
	isbn = {978-1-4503-1705-4},
	location = {Boston, Massachusetts, USA},
	pages = {537--550},
	numpages = {14},
	url = {http://doi.acm.org/10.1145/2398776.2398832},
	doi = {10.1145/2398776.2398832},
	acmid = {2398832},
	publisher = {ACM},
	address = {New York, NY, USA},
	keywords = {IPv6, performance, routing, topology},
} 



@inproceedings{flavel2015fastroute,
	title={Fastroute: A scalable load-aware anycast routing architecture for modern cdns},
	author={Flavel, Ashley and Mani, Pradeepkumar and Maltz, David and Holt, Nick and Liu, Jie and Chen, Yingying and Surmachev, Oleg},
	booktitle={12th USENIX Symposium on Networked Systems Design and Implementation (NSDI 15)},
	pages={381--394},
	year={2015}
}

@inproceedings{freedman2006oasis,
	title={OASIS: Anycast for Any Service.},
	author={Freedman, Michael J and Lakshminarayanan, Karthik and Mazi{\`e}res, David},
	booktitle={NSDI},
	volume={6},
	pages={10--10},
	year={2006}
}

@inproceedings{Ghemawat:2003:GFS:945445.945450,
	author = {Ghemawat, Sanjay and Gobioff, Howard and Leung, Shun-Tak},
	title = {The Google File System},
	booktitle = {Proceedings of the Nineteenth ACM Symposium on Operating Systems Principles},
	series = {SOSP '03},
	year = {2003},
	isbn = {1-58113-757-5},
	location = {Bolton Landing, NY, USA},
	pages = {29--43},
	numpages = {15},
	url = {http://doi.acm.org/10.1145/945445.945450},
	doi = {10.1145/945445.945450},
	acmid = {945450},
	publisher = {ACM},
	address = {New York, NY, USA},
	keywords = {clustered storage, data storage, fault tolerance, scalability},
} 



@inproceedings{Gummadi:2002:KEL:637201.637203,
	author = {Gummadi, Krishna P. and Saroiu, Stefan and Gribble, Steven D.},
	title = {King: Estimating Latency Between Arbitrary Internet End Hosts},
	booktitle = {Proceedings of the 2Nd ACM SIGCOMM Workshop on Internet Measurment},
	series = {IMW '02},
	year = {2002},
	isbn = {1-58113-603-X},
	location = {Marseille, France},
	pages = {5--18},
	numpages = {14},
	url = {http://doi.acm.org/10.1145/637201.637203},
	doi = {10.1145/637201.637203},
	acmid = {637203},
	publisher = {ACM},
	address = {New York, NY, USA},
	keywords = {latency measurement tool, recursive DNS},
} 

@inproceedings{Horne:2015:CAR:2699026.2699027,
	author = {Horne, William},
	title = {Collecting, Analyzing and Responding to Enterprise Scale DNS Events},
	booktitle = {Proceedings of the 5th ACM Conference on Data and Application Security and Privacy},
	series = {CODASPY '15},
	year = {2015},
	isbn = {978-1-4503-3191-3},
	location = {San Antonio, Texas, USA},
	pages = {73--73},
	numpages = {1},
	url = {http://doi.acm.org/10.1145/2699026.2699027},
	doi = {10.1145/2699026.2699027},
	acmid = {2699027},
	publisher = {ACM},
	address = {New York, NY, USA},
	keywords = {domain name system, security information and event management, security operations},
} 

@inproceedings{Gregori:2012:IAG:2398776.2398803,
	author = {Gregori, Enrico and Improta, Alessandro and Lenzini, Luciano and Rossi, Lorenzo and Sani, Luca},
	title = {On the Incompleteness of the AS-level Graph: A Novel Methodology for BGP Route Collector Placement},
	booktitle = {Proceedings of the 2012 ACM Conference on Internet Measurement Conference},
	series = {IMC '12},
	year = {2012},
	isbn = {978-1-4503-1705-4},
	location = {Boston, Massachusetts, USA},
	pages = {253--264},
	numpages = {12},
	url = {http://doi.acm.org/10.1145/2398776.2398803},
	doi = {10.1145/2398776.2398803},
	acmid = {2398803},
	publisher = {ACM},
	address = {New York, NY, USA},
	keywords = {BGP, autonomous systems, incompleteness, internet, measurement, topology},
} 

@inproceedings{pang2004responsiveness,
	title={On the responsiveness of DNS-based network control},
	author={Pang, Jeffrey and Akella, Aditya and Shaikh, Anees and Krishnamurthy, Balachander and Seshan, Srinivasan},
	booktitle={Proceedings of the 4th ACM SIGCOMM conference on Internet measurement},
	pages={21--26},
	year={2004},
	organization={ACM}
}

@inproceedings{sarat2006use,
	title={On the use of anycast in DNS},
	author={Sarat, Sandeep and Pappas, Vasileios and Terzis, Andreas},
	booktitle={Computer Communications and Networks, 2006. ICCCN 2006. Proceedings. 15th International Conference on},
	pages={71--78},
	year={2006},
	organization={IEEE}
}


@inproceedings{Schomp:2013:MCD:2504730.2504734,
	author = {Schomp, Kyle and Callahan, Tom and Rabinovich, Michael and Allman, Mark},
	title = {On Measuring the Client-side DNS Infrastructure},
	booktitle = {Proceedings of the 2013 Conference on Internet Measurement Conference},
	series = {IMC '13},
	year = {2013},
	isbn = {978-1-4503-1953-9},
	location = {Barcelona, Spain},
	pages = {77--90},
	numpages = {14},
	url = {http://doi.acm.org/10.1145/2504730.2504734},
	doi = {10.1145/2504730.2504734},
	acmid = {2504734},
	publisher = {ACM},
	address = {New York, NY, USA},
	keywords = {domain name system (DNS), internet measurement},
} 

@inproceedings{Zaharia:2012:RDD:2228298.2228301,
	author = {Zaharia, Matei and Chowdhury, Mosharaf and Das, Tathagata and Dave, Ankur and Ma, Justin and McCauley, Murphy and Franklin, Michael J. and Shenker, Scott and Stoica, Ion},
	title = {Resilient Distributed Datasets: A Fault-tolerant Abstraction for In-memory Cluster Computing},
	booktitle = {Proceedings of the 9th USENIX Conference on Networked Systems Design and Implementation},
	series = {NSDI'12},
	year = {2012},
	location = {San Jose, CA},
	pages = {2--2},
	numpages = {1},
	url = {http://dl.acm.org/citation.cfm?id=2228298.2228301},
	acmid = {2228301},
	publisher = {USENIX Association},
	address = {Berkeley, CA, USA},
} 

@misc{ac-map,
	title     = "Anycast visualization of Automattic Network",
	url       = "https://ac-map.automattic.com/"
}

@misc{anycast-lessons-learned,
	author	  = "Ruairi Carroll",
	title     = "Lessons learned from deploying a global anycast network",
	url       = "http://www.dknog.dk/wp-content/uploads/2016/03/Lessons-learned-from-building-an-Anycast-network.pdf"
}

@misc{ant-lab,
	title = {The ANT Lab: Analysis of Network Traffic},
	url = "https://ant.isi.edu/index.html" 
}
@misc{analysing-k-root,
	author = {J.H. Kuipers},
	title = {Analysing the K-root Anycast Infrastructure},
	url = "https://labs.ripe.net/Members/jh_kuipers/analyzing-the-k-root-anycast-infrastructure" 
}


@misc{anycast-enum,
	title     = "Anycast enumeration and geolocation",
	url       = "https://perso.telecom-paristech.fr/~drossi/index.php?n=Dataset.Anycast/"
}

@misc{archipelago,
	title     = "Archipelago (Ark) Measurement Infrastructure",
	url       = "http://www.caida.org/projects/ark/"
}

@misc{bluecat,
	title     = "BlueCat DNS",
	url       = "http://h20195.www2.hp.com/V2/GetDocument.aspx?docname=4AA5-1456ENW"
}

@misc{bgplay,
	title     = "BGPlay",
	url       = "http://www.dia.uniroma3.it/~compunet/www/view/tool.php?id=bgplay"
}

@misc{bgplay.js,
	title     = "BGPlay.js",
	url       = "http://bgplayjs.com/"
}

@misc{bgpmon,
	title     = "BGPMon",
	url       = "http://www.bgpmon.io/"
}

@misc{caida-bmp,
	title     = "Caida OpenBMP",
	url       = "https://bgpstream.caida.org/data#!caida-bmp"
}

@misc{DNSMON,
	title     = "The RIPE NCC DNS Monitoring Service (DNSMON)",
	url       = "https://atlas.ripe.net/dnsmon/"
}

@misc{iana-dnsparam,
	title     = "Domain Name System (DNS) Parameters",
	url       = "http://www.iana.org/assignments/dns-parameters/dns-parameters.xhtml"
}

@misc{cachefly,
	title     = "CacheFly Technology \& Infrastructure",
	url       = "http://www.cachefly.com/cachefly-cdn/technology/"
}

@misc{cacti,
	title     = "Cacti",
	url       = "http://www.cacti.net/"
}

@misc{caida-vis,
	title     = "IPv4 and IPv6 AS Core: Visualizing IPv4 and IPv6 Internet Topology at a Macroscopic Scale",
	url       = "http://www.caida.org/research/topology/as_core_network/"
}


@misc{chaosnet,
	title     = "Chaosnet",
	url       = "http://www.unlambda.com/cadr/AIM-628_chaosnet.pdf"
}

@misc{cloudflare,
	author = {Martin J. Levy},
	title = {Routing for an Anycast CDN},
	url = "http://www.menog.org/presentations/menog-14/286-MENOG14-Routing-for-an-Anycast-CDN-Martin-Levy-CloudFlare.pdf" 
}

@misc{d3js,
	title     = "D3.js",
	url       = "https://d3js.org/"
}

@misc{deploying-ip-anycast,
	author = {K. Miller},
	title = {Deploying IP Anycast},
	url = "https://www.nanog.org/meetings/nanog29/presentations/miller.pdf" 
}

@misc{github-anycast,
	author = {Schmidt, R. and de Vries, W. and Alsudais, A. and Ensafi, R. and Wolff, N.},
	title = {IP Anycasting: Understanding routing impact of adding/removing instances},
	url = "https://github.com/CAIDA/bgp-hackathon/tree/anycast" 
}

@misc{github-thesis,
	title = {Anycast DNS Monitoring Framework},
	url = "https://github.com/wicaksana/anycast-dns-monitoring-framework" 
}

@misc{google-dns,
	title     = "Google Public DNS",
	url       = "https://developers.google.com/speed/public-dns/"
}

@misc{grafana,
	title     = "Grafana",
	url       = "http://grafana.org/"
}

@misc{graphite,
	title     = "Graphite",
	url       = "http://graphite.wikidot.com/"
}

@misc{icinga,
	title     = "Icinga",
	url       = "https://www.icinga.org/"
}

@misc{ietf-bmp,
	author    = "J. Scudder, R. Fernando, S.Stuart",
	title     = "BGP Monitoring Protocol draft-ietf-grow-bmp-17",
	url       = "https://tools.ietf.org/html/draft-ietf-grow-bmp-17"
},

@misc{kibana,
	title     = "Kibana",
	url       = "https://www.elastic.co/products/kibana"
}

@misc{mongodb,
	title     = "MongoDB",
	url       = "https://www.mongodb.com/"
}

@misc{neo4j,
	title     = "Neo4j",
	url       = "https://neo4j.com/"
}

@misc{openbmp,
	title     = "Open BGP Monitoring Protocol (OpenBMP) Collection Framework",
	url       = "http://www.openbmp.org/"
}

@misc{pch,
	title     = "Packet Clearing House BGP Routing Resources",
	url       = "https://www.pch.net/resources/"
}

@misc{peering,
	title     = "PEERING - The BGP Testbed",
	url       = "https://peering.usc.edu/about/"
}

@misc{planetlab,
	title     = "PlanetLab",
	url       = "https://www.planet-lab.org/"
}

@misc{ripe-atlas,
	title     = "RIPE Atlas",
	url       = "https://atlas.ripe.net/"
}

@misc{ripestat,
	title     = "RIPEstat",
	url       = "https://stat.ripe.net/"
}

@misc{ripe-atlas-streaming,
	title     = "RIPE Atlas DNS Root Server Stream Visualization",
	url       = "http://sg-pub.ripe.net/demo-area/atlas-stream/dns-instances.html"
}

@misc{rfc792,
	author    = "J. Postel",
	title     = "Internet Control Message Protocol",
	url       = "https://tools.ietf.org/html/rfc792"
}

@misc{rfc1034,
	author    = "P. Mockapetris",
	title     = "Domain Names - Concepts and Facilities",
	url       = "https://tools.ietf.org/html/rfc1034"
}

@misc{rfc1035,
	author    = "P. Mockapetris",
	title     = "Domain Names - Implementation and Specification",
	url       = "https://tools.ietf.org/html/rfc1035"
}

@misc{rfc1157,
	author    = "P. Mockapetris",
	title     = "A Simple Network Management Protocol (SNMP)",
	url       = "https://tools.ietf.org/html/rfc1157"
}

@misc{rfc1546,
	author    = "Partridge, C. and Mendez, T. and Miliken, W.",
	title     = "Host Anycasting Service",
	url       = "https://tools.ietf.org/html/rfc1546"
},

@misc{rfc1611,
	author    = "Austein, R. and Saperia, J.",
	title     = "DNS Server MIB Extensions",
	url       = "https://www.ietf.org/rfc/rfc1611"
},

@misc{rfc3068,
	author    = "Huitema, C.",
	title     = "An Anycast Prefix for 6to4 Relay Routers",
	url       = "https://tools.ietf.org/html/rfc3068"
},

@misc{rfc3258,
	author    = "Hardie, T.",
	title     = "Distributing Authoritative Name Servers via Shared Unicast Addresses",
	url       = "https://tools.ietf.org/html/rfc3258"
},


@misc{rfc4271,
	title     = "A Border Gateway Protocol 4 (BGP-4)",
	url       = "https://www.ietf.org/rfc/rfc4271.txt"
},


@misc{rfc4641,
	author    = "Kolman, O. and Gieben, R.",
	title     = "DNSSEC Operational Practices",
	url       = "https://tools.ietf.org/html/rfc4641"
},

@misc{rfc4786,
	author    = "Abley, J. and Lindqvist, K.",
	title     = "Operation of Anycast Services",
	url       = "https://tools.ietf.org/html/rfc4786"
},

@misc{rfc4892,
	author    = "Wolf, S. and Conrad, D.",
	title     = "Requirements for a Mechanism Identifying a Name Server Instance",
	url       = "https://www.ietf.org/rfc/rfc4892.txt"
},

@misc{rfc6382,
	author    = "D. McPherson, R. Donnelly, F. Scalszo",
	title     = "Unique Origin Autonomous System Numbers (ASNs) per Node for Globally Anycasted Services",
	url       = "https://tools.ietf.org/html/rfc6382"
}

@misc{rfc6396,
	author    = "L. Blunk, M. Karir, C. Labovitz",
	title     = "Multi-Threaded Routing Toolkit (MRT) Routing Information Export Format",
	url       = "https://tools.ietf.org/html/rfc6396"
}

@misc{rfc7094,
	author    = "McPherson, D. and Oran, D. and Osterweil, E.",
	title     = "Architectural Considerations of IP Anycast",
	url       = "https://www.ietf.org/rfc/rfc7094"
},

@misc{rfc7534,
	author    = "Abley, D. and Sotomayor, W.",
	title     = "AS112 Nameserver Operations",
	url       = "https://www.ietf.org/rfc/rfc7534"
},


@misc{wiki-anycast,
	title     = "Anycast illustration",
	url       = "https://upload.wikimedia.org/wikipedia/commons/thumb/4/43/Anycast.svg/320px-Anycast.svg.png"
}

@misc{ripe-ncc-ris,
	title     = "RIPE Routing Information Service (RIS)",
	url       = "https://www.ripe.net/analyse/internet-measurements/routing-information-service-ris"
}

@misc{route-views,
	title     = "University of Oregon Route Views Project",
	url       = "http://www.routeviews.org/"
}

@misc{samknows,
	title     = "SamKnows",
	url       = "https://www.samknows.com/"
}

@misc{site:21oct,
	author = "Vixie, P. and Sneeringer, G. and Schleifer, M.",
	title = "Events of 21-Oct-2002",
	url = "http://c.root-servers.org/october21.txt"
},

@misc{site:icann-fact,
	title = "Factsheet:	Root server attack on 6 February 2007",
	url = "https://www.icann.org/en/system/files/files/factsheet-dns-attack-08mar07-en.pdf"
},
@misc{site:root-servers,
	title     = "Root nameservers official website",
	url       = "http://www.root-servers.org/"
},

@misc{thousandeyes,
	title     = "How BGP Works",
	url       = "http://www.slideshare.net/ThousandEyes/how-bgp-works"
},

@misc{update,
	author = "Kühne, M.",
	title = "Update on AS Path Lengths Over Time",
	url = "https://labs.ripe.net/Members/mirjam/update-on-as-path-lengths-over-time"
},

@misc{vizas,
	title     = "VizAS",
	url       = "https://labs.apnic.net/vizas/"
},


@phdthesis{fielding2000architectural,
	title={Architectural styles and the design of network-based software architectures},
	author={Fielding, Roy Thomas},
	year={2000},
	school={University of California, Irvine}
}

@techreport{cicalese2015latency,
	title={Latency-Based Anycast Geolocalization: Algorithms, Software and Datasets},
	author={Cicalese, Danilo and Joumblatt, Diana and Rossi, Dario and Buob, Marc-Olivier and Aug{\'e}, Jordan and Friedman, Timur},
	year={2015},
	institution={Tech. Rep}
}

@techreport{gibbard2007observations,
	title={Observations on anycast topology and performance},
	author={Gibbard, Steve and House, Packet Clearing},
	year={2007},
	institution={Packet Clearing House}
}

@techreport{report:fan2011identifying,
	title={Identifying and characterizing anycast in the domain name system},
	author={Fan, Xun and Heidemann, John and Govindan, Ramesh},
	year={2011},
	institution={Tech. rep}
}

@TechReport{report:icann2010,
	title = {Measuring the Health of the Domain Name System},
	year = {2010},
	month ={February},
	url={https://www.icann.org/en/system/files/files/dns-ssr-symposium-report-1-03feb10-en.pdf},
	institution={ICANN},
	type={Report},
}